

@article{multi_agent_pathfinding_stern_2019,
    title={Multi-agent pathfinding: Definitions, variants, and benchmarks},
    author={Stern, Roni and Sturtevant, Nathan and Felner, Ariel and Koenig, Sven and Ma, Hang and Walker, Thayne and Li, Jiaoyang and Atzmon, Dor and Cohen, Liron and Kumar, TK and others},
    journal={arXiv preprint arXiv:1906.08291},
    year={2019}
}

@inproceedings{optimal_matching_karp_1990,
    title={An optimal algorithm for on-line bipartite matching},
    author={Karp, Richard M and Vazirani, Umesh V and Vazirani, Vijay V},
    booktitle={Proceedings of the twenty-second annual ACM symposium on Theory of computing},
    pages={352--358},
    year={1990}
}

@inproceedings{AStarIDOD_standley_2010,
    title={Finding optimal solutions to cooperative pathfinding problems},
    author={Standley, Trevor},
    booktitle={Proceedings of the AAAI Conference on Artificial Intelligence},
    volume={24},
    number={1},
    year={2010}
}
